<?xml version="1.0" encoding="UTF-8"?><collection xmlns="http://www.loc.gov/MARC21/slim"><record><leader>00453nam--2200133-i-4500</leader><controlfield tag="001">000039068</controlfield><controlfield tag="002">20161230</controlfield><controlfield tag="005">20161230201042</controlfield><controlfield tag="008">060222s1000------------r-----000-0-eng-d</controlfield><datafield ind1=" " ind2=" " tag="100"><subfield code="a">Riddick,A. And Toops,Emosry E</subfield></datafield><datafield ind1=" " ind2=" " tag="245"><subfield code="a">Organic solvents. physical properties and methods of purification. on the basis of the first edition ...</subfield></datafield><datafield ind1=" " ind2=" " tag="260"><subfield code="a">New York, Interscience Publ.,Inc.,1967. Vii + 552 P</subfield></datafield><datafield ind1=" " ind2=" " tag="490"><subfield code="a">Technique Of Organic Chemistry</subfield></datafield><datafield ind1=" " ind2=" " tag="852"><subfield code="a">12776</subfield></datafield></record></collection>